%%%% WARNING! AUTOMATICALLY CREATED BIBFILE
%%%% DO NOT EDIT! ALL CHANGES WILL BE LOST!

@STRING{acm     = "ACM Press" }
@STRING{concur98= "{CONCUR} '98: Concurrency Theory, 9th International
                  Conference, Nice, France, September 8-11, 1998,
                  Proceedings" }
@STRING{cpp13   = "Certified Programs and Proofs - Third International
                  Conference, {CPP} 2013, Melbourne, VIC, Australia, December
                  11-13, 2013, Proceedings" }
@STRING{cup     = "Cambridge University Press" }
@STRING{fac     = "Formal Aspects of Computing" }
@STRING{focs61  = "2nd Annual Symposium on Switching Circuit Theory and
                  Logical Design, Detroit, Michigan, USA, October 17-20,
                  1961" }
@STRING{fossacs16="Foundations of Software Science and Computation Structures
                  - 19th International Conference, {FoSSaCS} 2016, Held as
                  Part of the European Joint Conferences on Theory and
                  Practice of Software, {ETAPS} 2016, Eindhoven, The
                  Netherlands, April 2-8, 2016, Proceedings" }
@STRING{fossacs98="Foundations of Software Science and Computation Structure,
                  First International Conference, {FoSSaCS}'98, Held as Part
                  of the {European} Joint Conferences on the Theory and
                  Practice of Software, {ETAPS}'98, {Lisbon}, {Portugal},
                  {March} 28 - {April} 4, 1998, Proceedings" }
@STRING{fscd16  = "1st International Conference on Formal Structures for
                  Computation and Deduction, {FSCD} 2016, June 22-26, 2016,
                  Porto, Portugal" }
@STRING{ieee    = "IEEE Computer Society Press" }
@STRING{jacm    = "Journal of the Association of Computing Machinery" }
@STRING{jfp     = "Journal of Functional Programming" }
@STRING{jfr     = "Journal of Formalized Reasoning" }
@STRING{lics13  = "28th Annual {ACM/IEEE} Symposium on Logic in Computer
                  Science, {LICS} 2013, {New Orleans}, {LA}, {USA}, {June}
                  25-28, 2013" }
@STRING{lmcs    = "Logical Methods in Computer Science" }
@STRING{lncs    = "Lecture Notes in Computer Science" }
@STRING{mscs    = "Mathematical Structures in Computer Science" }
@STRING{popl13  = "The 40th Annual {ACM} {SIGPLAN-SIGACT} Symposium on
                  Principles of Programming Languages, {POPL}'13, {Rome},
                  {Italy}, {January} 23 - 25, 2013" }
@STRING{popl96  = "Conference Record of {POPL}'96: The 23rd {ACM}
                  {SIGPLAN-SIGACT} Symposium on Principles of Programming
                  Languages, Papers Presented at the Symposium, {St.
                  Petersburg Beach}, {Florida}, {USA}, {January} 21-24, 1996" }
@STRING{springer= "Springer" }
@STRING{tlca01  = "Typed Lambda Calculi and Applications, 5th International
                  Conference, TLCA 2001, Krakow, {Poland}, May 2-5, 2001,
                  Proceedings" }
@STRING{tphols99= "Theorem Proving in Higher Order Logics, 12th International
                  Conference, {TPHOLs} '99, Nice, France" }
@STRING{types02 = "Types for Proofs and Programs, Second International
                  Workshop, {TYPES} 2002, Berg en Dal, The Netherlands,
                  {April} 24-28, 2002, Selected Papers" }
@STRING{types92 = "Proceedings of the 1992 Workshop on Types for Proofs and
                  Programs, B{\aa}stad, Sweden, June 1992" }
@STRING{types93 = "Types for Proofs and Programs, International Workshop
                  {TYPES}'93, Nijmegen, The Netherlands, May 24-28, 1993,
                  Selected Papers" }

@Article{         abelPientka:jfp16,
  author        = {Andreas Abel and Brigitte Pientka},
  title         = {Well-founded recursion with copatterns and sized types},
  journal       = jfp,
  year          = 2016,
  volume        = 26,
  pages         = 61,
  note          = {{ICFP} 2013 special issue},
  url           = {http://dx.doi.org/10.1017/S0956796816000022}
}

@Article{         abel:lmcs07,
  author        = {Andreas Abel},
  title         = {Semi-continuous Sized Types and Termination},
  journal       = lmcs,
  year          = 2008,
  volume        = 4,
  number        = {2:3},
  pages         = {1--33},
  note          = {{CSL}'06 special issue.},
  ee            = {http://dx.doi.org/10.2168/LMCS-4(2:3)2008},
  url           = {http://dx.doi.org/10.2168/LMCS-4(2:3)2008},
  timestamp     = {Fri, 27 Sep 2013 20:12:09 +0200},
  biburl        = {http://dblp.uni-trier.de/rec/bib/journals/lmcs/Abel08},
  bibsource     = {dblp computer science bibliography, http://dblp.org}
}

@InProceedings{   abelPientkaThibodeauSetzer:popl13,
  author        = {Andreas Abel and Brigitte Pientka and David Thibodeau and
                  Anton Setzer},
  title         = {Copatterns: Programming Infinite Structures by
                  Observations},
  booktitle     = popl13,
  year          = 2013,
  pages         = {27-38},
  ee            = {http://doi.acm.org/10.1145/2429069.2429075},
  crossref      = {DBLP:conf/popl/2013},
  bibsource     = {DBLP, http://dblp.uni-trier.de}
}

@InProceedings{   altenkirch:tlca01,
  author        = {Thorsten Altenkirch},
  title         = {Representations of First Order Function Types as Terminal
                  Coalgebras},
  booktitle     = tlca01,
  pages         = {8--21},
  year          = 2001,
  crossref      = {DBLP:conf/tlca/2001},
  url           = {http://dx.doi.org/10.1007/3-540-45413-6_5},
  timestamp     = {Tue, 28 Jun 2011 15:07:18 +0200},
  biburl        = {http://dblp.uni-trier.de/rec/bib/conf/tlca/Altenkirch01},
  bibsource     = {dblp computer science bibliography, http://dblp.org}
}

@InProceedings{   amadio:guardcondition,
  author        = {Roberto M. Amadio and Solange Coupet-Grimal},
  title         = {Analysis of a Guard Condition in Type Theory (Extended
                  Abstract).},
  booktitle     = fossacs98,
  year          = {1998},
  pages         = {48--62},
  crossref      = {DBLP:conf/fossacs/1998},
  ee            = {http://dx.doi.org/10.1007/BFb0053541},
  url           = {http://dx.doi.org/10.1007/BFb0053541},
  timestamp     = {Thu, 16 Jun 2011 15:51:15 +0200},
  biburl        = {http://dblp.uni-trier.de/rec/bib/conf/fossacs/AmadioC98},
  bibsource     = {dblp computer science bibliography, http://dblp.org}
}

@InProceedings{   arden:focs61,
  author        = {Dean N. Arden},
  title         = {Delayed-logic and finite-state machines},
  booktitle     = focs61,
  pages         = {133--151},
  year          = 1961,
  crossref      = {DBLP:conf/focs/FOCS2},
  url           = {http://dx.doi.org/10.1109/FOCS.1961.13},
  timestamp     = {Tue, 16 Dec 2014 09:57:22 +0100},
  biburl        = {http://dblp.uni-trier.de/rec/bib/conf/focs/Arden61},
  bibsource     = {dblp computer science bibliography, http://dblp.org}
}

@InProceedings{   bizjakGrathwohlCloustonMogelbergBirkedal:fossacs16,
  author        = {Ales Bizjak and Hans Bugge Grathwohl and Ranald Clouston
                  and Rasmus Ejlers M{\o}gelberg and Lars Birkedal},
  title         = {Guarded Dependent Type Theory with Coinductive Types},
  booktitle     = fossacs16,
  pages         = {20--35},
  year          = {2016},
  crossref      = {DBLP:conf/fossacs/2016},
  url           = {http://dx.doi.org/10.1007/978-3-662-49630-5_2},
  timestamp     = {Wed, 01 Jun 2016 08:59:01 +0200},
  biburl        = {http://dblp2.uni-trier.de/rec/bib/conf/fossacs/BizjakGCMB16},
  bibsource     = {dblp computer science bibliography, http://dblp.org}
}

@Article{         brzozowski:jacm64,
  author        = {Janusz A. Brzozowski},
  title         = {Derivatives of Regular Expressions},
  journal       = jacm,
  volume        = 11,
  number        = 4,
  pages         = {481--494},
  year          = 1964,
  url           = {http://doi.acm.org/10.1145/321239.321249},
  timestamp     = {Thu, 26 Jan 2012 17:31:32 +0100},
  biburl        = {http://dblp2.uni-trier.de/rec/bib/journals/jacm/Brzozowski64},
  bibsource     = {dblp computer science bibliography, http://dblp.org}
}

@InProceedings{   coquand:infiniteObjects,
  author        = {Thierry Coquand},
  title         = {Infinite Objects in Type Theory},
  year          = 1994,
  pages         = {62--78},
  crossref      = {DBLP:conf/types/1993},
  ee            = {http://dx.doi.org/10.1007/3-540-58085-9_72},
  url           = {http://dx.doi.org/10.1007/3-540-58085-9_72},
  timestamp     = {Tue, 14 Jun 2011 20:35:58 +0200},
  biburl        = {http://dblp.uni-trier.de/rec/bib/conf/types/Coquand93},
  bibsource     = {dblp computer science bibliography, http://dblp.org}
}

@Article{         dybjer:fac94,
  author        = {Peter Dybjer},
  title         = {Inductive Families},
  journal       = fac,
  volume        = 6,
  number        = 4,
  pages         = {440--465},
  year          = 1994,
  url           = {http://dx.doi.org/10.1007/BF01211308},
  timestamp     = {Wed, 25 May 2011 16:31:57 +0200},
  biburl        = {http://dblp.uni-trier.de/rec/bib/journals/fac/Dybjer94},
  bibsource     = {dblp computer science bibliography, http://dblp.org}
}

@InProceedings{   geuvers:indtypes,
  author        = {Herman Geuvers},
  title         = {Inductive and Coinductive types with Iteration and
                  Recursion},
  booktitle     = types92,
  editor        = {Bengt Nordstr{\"o}m and Kent Pettersson and Gordon
                  Plotkin},
  year          = 1992,
  pages         = {193--217},
  url           = {http://citeseerx.ist.psu.edu/viewdoc/summary?doi=10.1.1.35.9758}
}

@Article{         gimenez:typeBased,
  author        = {Gilles Barthe and Maria Jo{\~{a}}o Frade and Eduardo
                  Gim{\'{e}}nez and Lu{\'{i}}s Pinto and Tarmo Uustalu},
  title         = {Type-Based Termination of Recursive Definitions},
  journal       = mscs,
  volume        = 14,
  number        = 1,
  pages         = {97--141},
  year          = 2004,
  ee            = {http://dx.doi.org/10.1017/S0960129503004122},
  url           = {http://dx.doi.org/10.1017/S0960129503004122},
  timestamp     = {Sun, 24 Jan 2016 16:03:57 +0100},
  biburl        = {http://dblp.uni-trier.de/rec/bib/journals/mscs/BartheFGPU04},
  bibsource     = {dblp computer science bibliography, http://dblp.org}
}

@Article{         gonthierMahboubi:ssreflect,
  author        = {Georges Gonthier and Assia Mahboubi},
  title         = {An introduction to small scale reflection in {Coq}},
  journal       = jfr,
  volume        = 3,
  number        = 2,
  pages         = {95--152},
  year          = 2010,
  url           = {http://dx.doi.org/10.6092/issn.1972-5787/1979},
  timestamp     = {Mon, 13 Jan 2014 12:51:53 +0100},
  biburl        = {http://dblp.uni-trier.de/rec/bib/journals/jfrea/GonthierM10},
  bibsource     = {dblp computer science bibliography, http://dblp.org}
}

@Article{         hansenKupkeRutten:lmcs17,
  author        = {Helle Hvid Hansen and Clemens Kupke and Jan Rutten},
  title         = {Stream Differential Equations: Specification Formats and
                  Solution Methods},
  journal       = lmcs,
  volume        = 13,
  number        = 1,
  year          = 2017,
  url           = {https://doi.org/10.23638/LMCS-13(1:3)2017},
  timestamp     = {Mon, 13 Aug 2018 16:46:21 +0200},
  biburl        = {https://dblp.org/rec/bib/journals/corr/HansenKR16},
  bibsource     = {dblp computer science bibliography, https://dblp.org}
}

@Article{         hinze:GGTries,
  author        = {Ralf Hinze},
  title         = {Generalizing generalized tries},
  journal       = jfp,
  year          = 2000,
  volume        = 10,
  number        = 4,
  pages         = {327--351},
  ee            = {http://journals.cambridge.org/action/displayAbstract?aid=59745},
  url           = {https://doi.org/10.1017/S0956796800003713},
  timestamp     = {Fri, 10 Jun 2011 14:42:13 +0200},
  biburl        = {https://dblp.org/rec/bib/journals/jfp/Hinze00a},
  bibsource     = {dblp computer science bibliography, https://dblp.org}
}

@Manual{          inria:coq88,
  title         = {The {Coq} Proof Assistant Reference Manual},
  author        = {INRIA},
  organization  = {INRIA},
  edition       = {Version 8.8},
  year          = 2018,
  url           = {http://coq.inria.fr/}
}

@InProceedings{   hurNeisDreyerVafeiadis:popl13,
  author        = {Chung{-}Kil Hur and Georg Neis and Derek Dreyer and Viktor
                  Vafeiadis},
  title         = {The power of parameterization in coinductive proof},
  booktitle     = popl13,
  pages         = {193--206},
  year          = 2013,
  crossref      = {DBLP:conf/popl/2013},
  url           = {http://doi.acm.org/10.1145/2429069.2429093},
  timestamp     = {Fri, 18 Jan 2013 17:57:12 +0100},
  biburl        = {http://dblp.uni-trier.de/rec/bib/conf/popl/HurNDV13},
  bibsource     = {dblp computer science bibliography, http://dblp.org}
}

@InProceedings{   martinlof:predicative75,
  author        = "Martin-L{\"o}f, Per",
  title         = "An Intuitionistic Theory of Types: Predicative Part",
  booktitle     = "Logic Colloquium `73",
  year          = 1975,
  pages         = "73--118",
  editor        = "H. E. Rose and J. C. Shepherdson",
  publisher     = "North-Holland"
}

@InProceedings{   matthews:tphols99,
  author        = {John Matthews},
  title         = {Recursive Function Definition over Coinductive Types},
  booktitle     = {Theorem Proving in Higher Order Logics, 12th International
                  Conference, TPHOLs'99, Nice, France, September, 1999,
                  Proceedings},
  pages         = {73--90},
  year          = {1999},
  crossref      = {DBLP:conf/tphol/1999},
  url           = {https://doi.org/10.1007/3-540-48256-3\_6},
  timestamp     = {Wed, 24 May 2017 15:40:45 +0200},
  biburl        = {https://dblp.org/rec/bib/conf/tphol/Matthews99},
  bibsource     = {dblp computer science bibliography, https://dblp.org}
}

@InProceedings{   gianantonioMiculan:types02,
  author        = {Pietro Di Gianantonio and Marino Miculan},
  title         = {A Unifying Approach to Recursive and Co-recursive
                  Definitions},
  booktitle     = types02,
  pages         = {148--161},
  year          = {2002},
  crossref      = {DBLP:conf/types/2002},
  url           = {https://doi.org/10.1007/3-540-39185-1\_9},
  timestamp     = {Mon, 29 May 2017 16:53:44 +0200},
  biburl        = {https://dblp.org/rec/bib/conf/types/GianantonioM02},
  bibsource     = {dblp computer science bibliography, https://dblp.org}
}

@Misc{            agdawiki,
  author        = {{AgdaTeam}},
  title         = {The {A}gda {W}iki},
  year          = 2018,
  url           = {http://wiki.portal.chalmers.se/agda}
}

@InProceedings{   hughesParetoSabry:popl96,
  author        = {John Hughes and Lars Pareto and Amr Sabry},
  title         = {Proving the Correctness of Reactive Systems Using Sized
                  Types},
  booktitle     = popl96,
  pages         = {410--423},
  year          = {1996},
  crossref      = {DBLP:conf/popl/1996},
  ee            = {http://doi.acm.org/10.1145/237721.240882},
  url           = {http://doi.acm.org/10.1145/237721.240882},
  timestamp     = {Mon, 21 May 2012 16:19:51 +0200},
  biburl        = {http://dblp.uni-trier.de/rec/bib/conf/popl/HughesPS96},
  bibsource     = {dblp computer science bibliography, http://dblp.org}
}

@InProceedings{   rutten:concur98,
  author        = {Jan J. M. M. Rutten},
  title         = {Automata and Coinduction (An Exercise in Coalgebra)},
  booktitle     = concur98,
  pages         = {194--218},
  year          = 1998,
  crossref      = {DBLP:conf/concur/1998},
  url           = {http://dx.doi.org/10.1007/BFb0055624},
  timestamp     = {Fri, 17 Jun 2011 14:10:14 +0200},
  biburl        = {http://dblp.uni-trier.de/rec/bib/conf/concur/Rutten98},
  bibsource     = {dblp computer science bibliography, http://dblp.org}
}

@InProceedings{   sacchini:lics13,
  author        = {Jorge Luis Sacchini},
  title         = {Type-Based Productivity of Stream Definitions in the
                  Calculus of Constructions},
  booktitle     = lics13,
  pages         = {233--242},
  year          = {2013},
  crossref      = {DBLP:conf/lics/2013},
  url           = {http://dx.doi.org/10.1109/LICS.2013.29},
  timestamp     = {Wed, 27 May 2015 19:02:35 +0200},
  biburl        = {http://dblp.uni-trier.de/rec/bib/conf/lics/Sacchini13},
  bibsource     = {dblp computer science bibliography, http://dblp.org}
}

@InCollection{    pousSangiorgi:book12,
  title         = "Enhancements of the bisimulation proof method",
  author        = "Damien Pous and Davide Sangiorgi",
  booktitle     = {Advanced Topics in Bisimulation and Coinduction},
  editor        = {Davide Sangiorgi and Jan Rutten},
  publisher     = cup,
  year          = 2012
}

@InProceedings{   doczkalKaiserSmolka:cpp13,
  author        = {Christian Doczkal and Jan{-}Oliver Kaiser and Gert
                  Smolka},
  title         = {A Constructive Theory of Regular Languages in {Coq}},
  booktitle     = cpp13,
  pages         = {82--97},
  year          = 2013,
  crossref      = {DBLP:conf/cpp/2013},
  url           = {http://dx.doi.org/10.1007/978-3-319-03545-1_6},
  timestamp     = {Fri, 27 Dec 2013 19:06:52 +0100},
  biburl        = {http://dblp.uni-trier.de/rec/bib/conf/cpp/DoczkalKS13},
  bibsource     = {dblp computer science bibliography, http://dblp.org}
}

@Article{         tarski:fixpoint,
  author        = {Alfred Tarski},
  title         = {A lattice-theoretical fixpoint theorem and its
                  applications},
  journal       = {Pacific Journal of Mathematics},
  year          = 1955,
  volume        = 5,
  pages         = {285--309}
}

@InProceedings{   traytel:fscd16,
  author        = {Dmitriy Traytel},
  title         = {Formal Languages, Formally and Coinductively},
  booktitle     = fscd16,
  pages         = {31:1--31:17},
  year          = 2016,
  crossref      = {DBLP:conf/rta/2016},
  url           = {http://dx.doi.org/10.4230/LIPIcs.FSCD.2016.31},
  timestamp     = {Sat, 18 Jun 2016 12:36:43 +0200},
  biburl        = {http://dblp.uni-trier.de/rec/bib/conf/rta/Traytel16},
  bibsource     = {dblp computer science bibliography, http://dblp.org}
}

@Proceedings{     DBLP:conf/concur/1998,
  editor        = {Davide Sangiorgi and Robert de Simone},
  title         = concur98,
  booktitle     = concur98,
  series        = lncs,
  volume        = 1466,
  publisher     = springer,
  year          = 1998,
  timestamp     = {Mon, 19 Aug 2002 11:16:32 +0200},
  biburl        = {http://dblp.uni-trier.de/rec/bib/conf/concur/1998},
  bibsource     = {dblp computer science bibliography, http://dblp.org}
}

@Proceedings{     DBLP:conf/cpp/2013,
  editor        = {Georges Gonthier and Michael Norrish},
  title         = cpp13,
  booktitle     = cpp13,
  series        = lncs,
  volume        = 8307,
  publisher     = springer,
  year          = 2013,
  url           = {http://dx.doi.org/10.1007/978-3-319-03545-1},
  timestamp     = {Fri, 27 Dec 2013 19:05:58 +0100},
  biburl        = {http://dblp.uni-trier.de/rec/bib/conf/cpp/2013},
  bibsource     = {dblp computer science bibliography, http://dblp.org}
}

@Proceedings{     DBLP:conf/focs/FOCS2,
  title         = focs61,
  booktitle     = focs61,
  publisher     = ieee,
  year          = 1961,
  url           = {http://ieeexplore.ieee.org/xpl/mostRecentIssue.jsp?punumber=5397266},
  timestamp     = {Mon, 15 Dec 2014 18:48:44 +0100},
  biburl        = {http://dblp.uni-trier.de/rec/bib/conf/focs/FOCS2},
  bibsource     = {dblp computer science bibliography, http://dblp.org}
}

@Proceedings{     DBLP:conf/fossacs/2016,
  editor        = {Bart Jacobs and Christof L{\"{o}}ding},
  title         = fossacs16,
  booktitle     = fossacs16,
  series        = lncs,
  volume        = 9634,
  publisher     = springer,
  year          = 2016,
  url           = {http://dx.doi.org/10.1007/978-3-662-49630-5},
  timestamp     = {Wed, 01 Jun 2016 08:59:01 +0200},
  biburl        = {http://dblp2.uni-trier.de/rec/bib/conf/fossacs/2016},
  bibsource     = {dblp computer science bibliography, http://dblp.org}
}

@Proceedings{     DBLP:conf/fossacs/1998,
  editor        = {Maurice Nivat},
  title         = fossacs98,
  booktitle     = fossacs98,
  series        = lncs,
  volume        = 1378,
  publisher     = springer,
  year          = 1998,
  url           = {https://doi.org/10.1007/BFb0053537},
  timestamp     = {Tue, 23 May 2017 11:53:58 +0200},
  biburl        = {http://dblp2.uni-trier.de/rec/bib/conf/fossacs/1998},
  bibsource     = {dblp computer science bibliography, http://dblp.org}
}

@Proceedings{     DBLP:conf/rta/2016,
  editor        = {Delia Kesner and Brigitte Pientka},
  title         = fscd16,
  booktitle     = fscd16,
  series        = {LIPIcs},
  volume        = 52,
  publisher     = {Schloss Dagstuhl - Leibniz-Zentrum fuer Informatik},
  year          = 2016,
  url           = {http://www.dagstuhl.de/dagpub/978-3-95977-010-1},
  timestamp     = {Sat, 18 Jun 2016 12:36:43 +0200},
  biburl        = {http://dblp.uni-trier.de/rec/bib/conf/rta/2016},
  bibsource     = {dblp computer science bibliography, http://dblp.org}
}

@Proceedings{     DBLP:conf/lics/2013,
  title         = lics13,
  booktitle     = lics13,
  publisher     = ieee,
  year          = {2013},
  ee            = {http://ieeexplore.ieee.org/xpl/mostRecentIssue.jsp?punumber=6570844},
  bibsource     = {DBLP, http://dblp.uni-trier.de}
}

@Proceedings{     DBLP:conf/popl/2013,
  editor        = {Roberto Giacobazzi and Radhia Cousot},
  title         = popl13,
  booktitle     = popl13,
  publisher     = acm,
  year          = 2013,
  url           = {http://dl.acm.org/citation.cfm?id=2429069},
  ee            = {http://dl.acm.org/citation.cfm?id=2429069},
  timestamp     = {Fri, 18 Jan 2013 17:48:28 +0100},
  biburl        = {http://dblp.uni-trier.de/rec/bib/conf/popl/2013},
  bibsource     = {DBLP, http://dblp.uni-trier.de}
}

@Proceedings{     DBLP:conf/popl/1996,
  editor        = {Hans-Juergen Boehm and Guy L. {Steele Jr.}},
  title         = popl96,
  booktitle     = popl96,
  publisher     = acm,
  year          = 1996,
  url           = {http://dl.acm.org/citation.cfm?id=237721},
  ee            = {http://dl.acm.org/citation.cfm?id=237721},
  timestamp     = {Mon, 21 May 2012 16:19:50 +0200},
  biburl        = {http://dblp.uni-trier.de/rec/bib/conf/popl/1996},
  bibsource     = {dblp computer science bibliography, http://dblp.org}
}

@Proceedings{     DBLP:conf/tlca/2001,
  editor        = {Samson Abramsky},
  title         = tlca01,
  booktitle     = tlca01,
  publisher     = springer,
  series        = lncs,
  volume        = 2044,
  year          = 2001,
  bibsource     = {DBLP, http://dblp.uni-trier.de}
}

@Proceedings{     DBLP:conf/tphol/1999,
  editor        = {Yves Bertot and Gilles Dowek and Andr{\'{e}} Hirschowitz
                  and Christine Paulin{-}Mohring and Laurent Th{\'{e}}ry},
  title         = tphols99,
  booktitle     = tphols99,
  series        = lncs,
  volume        = {1690},
  publisher     = springer,
  year          = {1999},
  url           = {https://doi.org/10.1007/3-540-48256-3},
  timestamp     = {Wed, 24 May 2017 15:40:45 +0200},
  biburl        = {https://dblp.org/rec/bib/conf/tphol/1999},
  bibsource     = {dblp computer science bibliography, https://dblp.org}
}

@Proceedings{     DBLP:conf/types/2002,
  editor        = {Herman Geuvers and Freek Wiedijk},
  title         = types02,
  booktitle     = types02,
  publisher     = springer,
  series        = lncs,
  volume        = 2646,
  year          = 2003,
  url           = {https://doi.org/10.1007/3-540-39185-1},
  timestamp     = {Mon, 29 May 2017 16:53:44 +0200},
  biburl        = {https://dblp.org/rec/bib/conf/types/2002},
  bibsource     = {dblp computer science bibliography, https://dblp.org}
}

@Proceedings{     DBLP:conf/types/1993,
  editor        = {Henk Barendregt and Tobias Nipkow},
  title         = types93,
  booktitle     = types93,
  series        = lncs,
  volume        = 806,
  publisher     = springer,
  year          = 1994,
  timestamp     = {Thu, 13 Jun 2002 11:20:04 +0200},
  biburl        = {http://dblp.uni-trier.de/rec/bib/conf/types/1993},
  bibsource     = {dblp computer science bibliography, http://dblp.org}
}
